<?xml version="1.0" encoding="UTF-8"?><collection xmlns="http://www.loc.gov/MARC21/slim"><record><leader>00492nam--2200193-u-4500</leader><controlfield tag="001">000051634</controlfield><controlfield tag="002">20161230</controlfield><controlfield tag="005">20170302083308</controlfield><controlfield tag="008">080811s1000------------r-----000-0-eng-d</controlfield><datafield ind1=" " ind2=" " tag="020"><subfield code="a">0-19-850296-6</subfield></datafield><datafield ind1=" " ind2=" " tag="040"><subfield code="a">IFIN-HH</subfield></datafield><datafield ind1=" " ind2=" " tag="080"><subfield code="a">536.62</subfield></datafield><datafield ind1="1" ind2=" " tag="100"><subfield code="a">Wigmans, Richard</subfield></datafield><datafield ind1="1" ind2="0" tag="245"><subfield code="a">Calorimetry. Energy Measurent in Particle Physics</subfield></datafield><datafield ind1=" " ind2=" " tag="260"><subfield code="a">Oxford</subfield><subfield code="b">Calderon Press</subfield><subfield code="c">2000</subfield></datafield><datafield ind1=" " ind2=" " tag="300"><subfield code="a">726 p</subfield></datafield><datafield ind1="1" ind2=" " tag="700"><subfield code="a">Richard Wigmans</subfield></datafield><datafield ind1=" " ind2=" " tag="852"><subfield code="a">82098</subfield><subfield code="c">539.12</subfield></datafield><datafield ind1=" " ind2=" " tag="CAT"><subfield code="a">SYS</subfield><subfield code="c">20170302</subfield><subfield code="h">083308</subfield></datafield></record></collection>